@Online{BTS,
	title = {Bureau of Transportaion Statistics},
	url= {https://www.bts.gov/},
	key= {BTS}
}

@Online{btsOnTimeArrival,
	title = {On-Time Statistics, Bureau of Transportaion Statistics},
	url={https://www.transtats.bts.gov/ontime/Arrivals.aspx},
	key = {btsOnTimeArrival}
}

@Online{airlineOnTimeArrival,
	title = {On-Time Arrival Percetage for Airlines},
	url={https://www.bts.gov/topics/airlines-and-airports/annual-airline-time-rankings-2003-2023},
	key = {airlineOnTimeArrival}
}

@Online{airportOnTimeDep,
	title = {On-Time Departure Percetage for Airports},
	url={https://www.bts.dot.gov/annual-time-departure-performance},
	key = {airportOnTimeDep}
}

@Online{weatherdatasrc,
	title={Visual Crossing},
	url={https://www.visualcrossing.com/weather/weather-data-services},
	key={weatherdatasrc}
}

@inproceedings{mazhar2023maverick,
	title={MAVERICK: An App-independent and Platform-agnostic Approach to Enforce Policies in IoT Systems at Runtime},
	author={Mazhar, M Hammad and Li, Li and Hoque, Endadul and Chowdhury, Omar},
	booktitle={Proceedings of the 13th ACM Conference on Security and Privacy in Wireless and Mobile Networks 2020 (WiSec '20)},
	year={2023}
}

@ARTICLE{10049670,
	author={Sáez-de-Cámara, Xabier and Flores, Jose Luis and Arellano, Cristóbal and Urbieta, Aitor and Zurutuza, Urko},
	journal={IEEE Transactions on Dependable and Secure Computing}, 
	title={Gotham Testbed: A Reproducible IoT Testbed for Security Experiments and Dataset Generation}, 
	year={2023},
	volume={},
	number={},
	pages={1-18},
	doi={10.1109/TDSC.2023.3247166}
}

@Online{androidMonkey,
	author          = {Google, Inc.},
	url             = {https://developer.android.com/studio/test/other-testing-tools/monkey},
	key             = {androidMonkey},
	optlastaccessed = {Jun 26, 2022},
	opttitle        = {UI/Application Exerciser Monkey},
	year            = {2018},
}

@techreport{alotaibi2019smart,
	title={Smart Home Human Activity Simulation Tool for OpenHab-based Research},
	author={Alotaibi, Asma and Perera, Charith},
	institution = {Cardiff University},
	year={2019}
}


@PhdThesis{HenzingerPhDThesis,
	author    = {Henzinger, Thomas A.},
	title     = {The Temporal Specification and Verification of Real-time Systems},
	note      = {UMI Order No. GAX92-06781},
	address   = {Stanford, CA, USA},
	publisher = {Stanford University},
	year      = {1992},
}

@Misc{airportexitportals,
	author       = {{Associated Press}},
	title        = {Glass exit portals: Security to leave the airport},
	howpublished = {\url{https://www.foxnews.com/travel/glass-exit-portals-security-to-leave-the-airport}},
	year         = {2013},
}

